@article{1,
	title={The knot book: An elementary introduction to the mathematical theory of knots.},
	author={Adams, Colin C},
	journal={W.H. Freeman and Company},
	year={1994}
}

@article{2,
	title={Knots, Molecules, and the Universe: An Introduction to Topology.},
	author={Erica Flapan},
	journal={American Mathematical Society},
	year={2016},
}

@article{3,
	title={A study of braids. Mathematics and Its Applications. },
	author={Kunio Murasugi and Bohdan I. Kurpita},
	journal={Springer Science+Business Media Dordrecht},
	volume={484},
	year={1999},
}
@article{4,
	title={A fast method for comparing braids},
	author={Dehornoy, Patrick},
	journal={Advances in Mathematics},
	volume={125},
	number={2},
	pages={200--235},
	year={1997},
	publisher={Elsevier}
}
@book{5,
	title={Knot theory and its applications},
	author={Murasugi, Kunio},
	year={2007},
	publisher={Springer Science \& Business Media}
}
@misc{6,
	year = {1994-2016},
	author = {Matlab},
	title = {Create and Share Toolboxes},
	publisher = {The MathWorks Inc.},
	howpublished = "\url{http://es.mathworks.com/help/matlab/matlab_prog/create-and-share-custom-matlab-toolboxes.html#buf2ahi-3}"
}

@misc{7,
	year = {2016},
	author = {Roger Fenn},
	title = {Braid programme},
	howpublished = "\url{http://www.layer8.co.uk/maths/braids/}"
}

@misc{8,
	year = {2003},
	author = {Ortho Flint and Stuart Rankin},
	title = {Knotilus},
	howpublished = "\url{http://knotilus.math.uwo.ca/}"
}

@Misc{9,
	author = {Jean-Luc Thiffeault and Marko Budi\v{s}i\'{c}},
	title = {Braidlab: {A} Software Package for Braids and Loops},
	eprint = {arXiv:1410.0849 [math.GT]},
	url = {http://arXiv.org/abs/1410.0849},
	year = {2013--2016},
	note = {Version 3.2}
}

@misc{10,
	year = {2008},
	author = {Jkasd},
	title = {A table of prime knots up to seven crossings.},
	howpublished = "\url{https://en.wikipedia.org/wiki/File:Knot_table.svg#/media/File:Knot_table.svg}"
}

@article{11,
	title={A New Algorithm for Solving the Word Problem
	in Braid Groups},
	author={D. Garber, S. Kaplan, M. Teicher},
	journal={Department of Mathematics and Computer Sciences
	Bar-Ilan University},
	year={2008},
}

@article{12,
	title={Computational Problems in the Braid Group with
	Applications to Cryptography},
	author={Umut ISIK},
	year={2005},
}